<record><leader>00000cas a2200000 a 4500</leader><controlfield tag="001">12308360</controlfield><controlfield tag="008">850726d18901891ksuwr ne      0    0eng d</controlfield><datafield ind1=" " ind2=" " tag="010"><subfield code="a">sn 85030674 </subfield></datafield><datafield ind1=" " ind2=" " tag="040"><subfield code="a">KSH</subfield><subfield code="b">eng</subfield><subfield code="c">KSH</subfield><subfield code="d">NPT</subfield><subfield code="d">OCL</subfield><subfield code="d">OCLCQ</subfield></datafield><datafield ind1=" " ind2=" " tag="042"><subfield code="a">msc</subfield></datafield><datafield ind1="0" ind2=" " tag="130"><subfield code="a">Times-republican (Hutchinson, Kan.)</subfield></datafield><datafield ind1="1" ind2="4" tag="245"><subfield code="a">The times-republican.</subfield></datafield><datafield ind1=" " ind2=" " tag="260"><subfield code="a">Hutchinson, Kan. :</subfield><subfield code="b">Sponsler Bros. &amp; Carr,</subfield><subfield code="c">1890-1891.</subfield></datafield><datafield ind1=" " ind2=" " tag="300"><subfield code="a">2 v. :</subfield><subfield code="b">ill. ;</subfield><subfield code="c">55 cm.</subfield></datafield><datafield ind1=" " ind2=" " tag="310"><subfield code="a">Weekly</subfield></datafield><datafield ind1="0" ind2=" " tag="362"><subfield code="a">Vol. 1, no. 31 (July 4, 1890)-v. 2, no. 52 (Dec. 4, 1891).</subfield></datafield><datafield ind1=" " ind2=" " tag="500"><subfield code="a">Published by Sponsler Bros., Nov. 28, 1890-Dec. 4, 1891.</subfield></datafield><datafield ind1=" " ind2=" " tag="752"><subfield code="a">United States</subfield><subfield code="b">Kansas</subfield><subfield code="c">Reno</subfield><subfield code="d">Hutchinson.</subfield></datafield><datafield ind1="0" ind2="4" tag="780"><subfield code="t">Hutchinson times (Hutchinson, Kan. : 1899)</subfield><subfield code="w">(DLC)sn 85030672</subfield></datafield><datafield ind1="0" ind2="4" tag="780"><subfield code="t">Hutchinson republican</subfield><subfield code="w">(DLC)sn 85030673</subfield></datafield><datafield ind1="0" ind2="0" tag="785"><subfield code="t">Hutchinson times (Hutchinson, Kan. : 1891)</subfield><subfield code="w">(DLC)sn 85030675</subfield></datafield></record>